@article{opencv_library,
  author = {Bradski, G.},
  citeulike-article-id = {2236121},
  journal = {Dr. Dobb's Journal of Software Tools},
  keywords = {bibtex-import},
  posted-at = {2008-01-15 19:21:54},
  priority = {4},
  title = {{The OpenCV Library}},
  year = {2000}
}

@inproceedings{Carlone2017,
  author = {Carlone, Luca and Karaman, Sertac},
  booktitle = {IEEE International Conference on Robotics and Automation (ICRA)},
  doi = {10.1109/ICRA.2017.7989448},
  isbn = {978-1-5090-4633-1},
  issn = {10504729},
  month = may,
  pages = {3886--3893},
  title = {{Attention and Anticipation in Fast Visual-Inertial Navigation}},
  url = {http://ieeexplore.ieee.org/document/7989448/},
  year = {2017},
  address = {Singapore}
}

@article{Qin2018,
  author = {Qin, Tong and Li, Peiliang and Shen, Shaojie},
  doi = {10.1109/TRO.2018.2853729},
  issn = {15523098},
  journal = {IEEE Transactions on Robotics},
  number = {4},
  pages = {1004--1020},
  publisher = {IEEE},
  title = {{VINS-Mono: A Robust and Versatile Monocular Visual-Inertial State Estimator}},
  volume = {34},
  month = aug,
  year = {2018}
}

@inproceedings{Shamaiah2010, 
  author={M. Shamaiah and S. Banerjee and H. Vikalo}, 
  booktitle={IEEE Conference on Decision and Control (CDC)}, 
  title={Greedy sensor selection: Leveraging submodularity}, 
  year={2010}, 
  address={Atlanta, GA},
  pages={2572-2577}, 
  doi={10.1109/CDC.2010.5717225}, 
  ISSN={0191-2216}, 
  month={Dec}
}

@inproceedings{Shen2013, 
  AUTHOR    = {Shaojie Shen AND Yash Mulgaonkar AND Nathan Michael AND Vijay Kumar}, 
  TITLE     = {Vision-Based State Estimation and Trajectory Control Towards High-Speed Flight with a Quadrotor}, 
  BOOKTITLE = {Proceedings of Robotics: Science and Systems}, 
  YEAR      = {2013}, 
  ADDRESS   = {Berlin, Germany}, 
  MONTH     = {June},
  DOI       = {10.15607/RSS.2013.IX.032} 
}

@inproceedings{Falanga2017, 
  author={D. Falanga and E. Mueggler and M. Faessler and D. Scaramuzza},
  booktitle={IEEE International Conference on Robotics and Automation (ICRA)},
  title={Aggressive quadrotor flight through narrow gaps with onboard sensing and computing using active vision},
  year={2017},
  pages={5774-5781},
  doi={10.1109/ICRA.2017.7989679},
  address={Singapore},
  month={May}
}

@inproceedings{Falanga2018,
  author={D. Falanga and E. Mueggler and M. Faessler and D. Scaramuzza},
  booktitle={IEEE/RSJ International Conference on Intelligent Robots and Systems (IROS)},
  title={PAMPC: Perception-Aware Model Predictive Control for Quadrotors},
  pages={},
  doi={},
  address={Madrid},
  month={Oct},
  year={2018}
}

@inproceedings{Davison2005, 
  author={A. J. Davison}, 
  booktitle={IEEE International Conference on Computer Vision (ICCV)}, 
  title={Active search for real-time vision}, 
  year={2005},
  pages={66-73}, 
  doi={10.1109/ICCV.2005.29}, 
  address={Beijing},
  month={Oct}
}

@article{Yu2013,
author = {Yu, Huili and Beard, Randal W.},
doi = {10.1109/TCST.2012.2190604},
isbn = {9781612848006},
issn = {10636536},
journal = {IEEE Transactions on Control Systems Technology},
number = {3},
pages = {695--703},
title = {{Vision-based local-level frame mapping and planning in spherical coordinates for miniature air vehicles}},
volume = {21},
year = {2013}
}


@book{Gibson1969,
  author = {E. J. Gibson},
  title  = {Principles of Perceptual Learning and Development},
  publisher = {Appleton-Century-Crofts},
  address = {East Norwalk, CT, US},
  year = {1969}
}

@article{Gibson1988,
author = {Gibson, Eleanor J.},
title = {Exploratory Behavior in the Development of Perceiving, Acting, and the Acquiring of Knowledge},
journal = {Annual Review of Psychology},
volume = {39},
number = {1},
pages = {1-42},
year = {1988},
doi = {10.1146/annurev.ps.39.020188.000245},
}